@article{go2009twitter,
  author = {Go, Alec and Bhayani, Richa and Huang, Lei},
  title = {Twitter Sentiment Classification Using Distant Supervision},
  journal = {CS224N Project Report, Stanford},
  volume = {1},
  year = {2009},
  pages = {12},
  url = {http://cs.stanford.edu/people/alecmgo/trainingandtestdata.zip},
  note = {Accessed: 2025-03-27}
}

@article{raffel2020exploring,
  title={Exploring the limits of transfer learning with a unified text-to-text transformer},
  author={Raffel, Colin and Shazeer, Noam and Roberts, Adam and Lee, Katherine and Narang, Sharan and Matena, Michael and Zhou, Yanqi and Li, Wei and Liu, Peter J},
  journal={Journal of machine learning research},
  volume={21},
  number={140},
  pages={1--67},
  year={2020}
}

@article{lewis2019bart,
  title={Bart: Denoising sequence-to-sequence pre-training for natural language generation, translation, and comprehension},
  author={Lewis, Mike and Liu, Yinhan and Goyal, Naman and Ghazvininejad, Marjan and Mohamed, Abdelrahman and Levy, Omer and Stoyanov, Ves and Zettlemoyer, Luke},
  journal={arXiv preprint arXiv:1910.13461},
  year={2019}
}

@article{barbella2022rouge,
  title={Rouge metric evaluation for text summarization techniques},
  author={Barbella, Marcello and Tortora, Genoveffa},
  journal={Available at SSRN 4120317},
  year={2022}
}

@misc{perspectiveapi,
  author       = {{Jigsaw and Google}},
  title        = {Perspective API},
  howpublished = {\url{https://www.perspectiveapi.com/}},
  year         = {2017},
  note         = {Accessed: 2025-05-03}
}

@misc{Detoxify,
  title={Detoxify},
  author={Hanu, Laura and {Unitary team}},
  howpublished={Github. https://github.com/unitaryai/detoxify},
  year={2020}
}


@misc{alex2019multinews,
    title={Multi-News: a Large-Scale Multi-Document Summarization Dataset and Abstractive Hierarchical Model},
    author={Alexander R. Fabbri and Irene Li and Tianwei She and Suyi Li and Dragomir R. Radev},
    year={2019},
    eprint={1906.01749},
    archivePrefix={arXiv},
    primaryClass={cs.CL}
}
